@article{andrello2022global,
  title={A global map of human pressures on tropical coral reefs},
  author={Andrello, Marco and Darling, Emily S and Wenger, Amelia and Su{\'a}rez-Castro, Andr{\'e}s F and Gelfand, Sharla and Ahmadia, Gabby N},
  journal={Conservation Letters},
  volume={15},
  number={1},
  pages={e12858},
  year={2022},
  publisher={Wiley Online Library}
}

@article{jost2006entropy,
  title={Entropy and diversity},
  author={Jost, Lou},
  journal={Oikos},
  volume={113},
  number={2},
  pages={363--375},
  year={2006},
  publisher={Wiley Online Library}
}


@article{agudo2019structural,
  title={Structural complexity and benthic cover explain reef-scale variability of fish assemblages in Los Roques National Park, Venezuela},
  author={Agudo-Adriani, Esteban A and Cappelletto, Jos{\'e} and Cavada-Blanco, Francoise and Cr{\'o}quer, Aldo},
  journal={Frontiers in Marine Science},
  volume={6},
  pages={690},
  year={2019},
  publisher={Frontiers Media SA}
}

@article{zapata2021diel,
  title={Diel changes in structure and trophic functions of motile benthic invertebrates on coral reefs at Rapa Nui (Easter Island)},
  author={Zapata-Hern{\'a}ndez, Germ{\'a}n and Hinojosa, Iv{\'a}n A and Sellanes, Javier and Rios, Rodrigo S and Letourneur, Yves},
  journal={Marine Biology},
  volume={168},
  number={10},
  pages={154},
  year={2021},
  publisher={Springer}
}

@article{williamson2022monitoring,
  title={Monitoring shallow coral reef exposure to environmental stressors using satellite earth observation: the reef environmental stress exposure toolbox (RESET)},
  author={Williamson, Michael J and Tebbs, Emma J and Dawson, Terence P and Thompson, Henry J and Head, Catherine EI and Jacoby, David MP},
  journal={Remote Sensing in Ecology and Conservation},
  volume={8},
  number={6},
  pages={855--874},
  year={2022},
  publisher={Wiley Online Library}
}

@article{graham2006dynamic,
  title={Dynamic fragility of oceanic coral reef ecosystems},
  author={Graham, Nicholas AJ and Wilson, Shaun K and Jennings, Simon and Polunin, Nicholas VC and Bijoux, Jean P and Robinson, Julius},
  journal={Proceedings of the National Academy of Sciences},
  volume={103},
  number={22},
  pages={8425--8429},
  year={2006},
  publisher={National Acad Sciences},
  doi={10.1073/pnas.0600693103}
}



@article{connell1978diversity,
  title={Diversity in tropical rain forests and coral reefs: high diversity of trees and corals is maintained only in a nonequilibrium state.},
  author={Connell, Joseph H},
  journal={Science},
  volume={199},
  number={4335},
  pages={1302--1310},
  year={1978},
  publisher={American Association for the Advancement of Science},
  doi={10.1126/science.199.4335.1302}
}

@article{paine1974intertidal,
  title={Intertidal community structure: experimental studies on the relationship between a dominant competitor and its principal predator},
  author={Paine, Robert T},
  journal={Oecologia},
  volume={15},
  pages={93--120},
  year={1974},
  publisher={Springer}
}

@article{hoegh2017coral,
  title={Coral reef ecosystems under climate change and ocean acidification},
  author={Hoegh-Guldberg, Ove and Poloczanska, Elvira S and Skirving, William and Dove, Sophie},
  journal={Frontiers in Marine Science},
  volume={4},
  pages={158},
  year={2017},
  publisher={Frontiers Media SA}
}


@book{montgomery2021introduction,
  title={Introduction to linear regression analysis},
  author={Montgomery, Douglas C and Peck, Elizabeth A and Vining, G Geoffrey},
  year={2021},
  publisher={John Wiley \& Sons}
}

@book{seber2012linear,
  title={Linear regression analysis},
  author={Seber, George AF and Lee, Alan J},
  year={2012},
  publisher={John Wiley \& Sons}
}


@article{breiman2001random,
  title={Random forests},
  author={Breiman, Leo},
  journal={Machine learning},
  volume={45},
  pages={5--32},
  year={2001},
  publisher={Springer}
}

@article{bostrom2020coral,
  title={Coral restoration--A systematic review of current methods, successes, failures and future directions},
  author={Bostr{\"o}m-Einarsson, Lisa and Babcock, Russell C and Bayraktarov, Elisa and Ceccarelli, Daniela and Cook, Nathan and Ferse, Sebastian CA and Hancock, Boze and Harrison, Peter and Hein, Margaux and Shaver, Elizabeth and others},
  journal={PloS one},
  volume={15},
  number={1},
  pages={e0226631},
  year={2020},
  publisher={Public Library of Science San Francisco, CA USA}
}

@article{enochs2012species,
  title={Species richness of motile cryptofauna across a gradient of reef framework erosion},
  author={Enochs, IC and Manzello, DP},
  journal={Coral Reefs},
  volume={31},
  pages={653--661},
  year={2012},
  publisher={Springer}
}

@article{knowlton2021rebuilding,
  title={Rebuilding coral reefs: a decadal grand challenge},
  author={Knowlton, Nancy and Corcoran, Emily and Felis, Thomas and de Goeij, Jasper and Grottoli, Andr{\'e}a and Harding, Simon and Kleypas, Joan and Mayfield, Anderson and Miller, Margaret and Obura, David and others},
  year={2021},
  publisher={International Coral Reef Society and Future Earth Coasts}
}

@article{anthony2011ocean,
  title={Ocean acidification and warming will lower coral reef resilience},
  author={Anthony, Kenneth RN and Maynard, Jeffrey A and D{\'\i}az-Pulido, Guillermo and Mumby, Peter J and Marshall, Paul A and Cao, Long and Hoegh-Guldberg, Ove},
  journal={Global Change Biology},
  volume={17},
  number={5},
  pages={1798--1808},
  year={2011},
  publisher={Wiley Online Library}
}

@article{zhu2022impact,
  title={The impact of coastal upwelling on coral reef ecosystem under anthropogenic influence: coral reef community and its response to environmental factors},
  author={Zhu, Wentao and Ren, Yuxiao and Liu, Xiangbo and Huang, Duanjie and Xia, Jingquan and Zhu, Ming and Yin, Hongyang and Chen, Rouwen and Li, Xiubao},
  journal={Frontiers in Marine Science},
  volume={9},
  pages={888888},
  year={2022},
  publisher={Frontiers Media SA}
}

@article{hoegh2011impact,
  title={The impact of climate change on coral reef ecosystems},
  author={Hoegh-Guldberg, Ove},
  journal={Coral reefs: an ecosystem in transition},
  pages={391--403},
  year={2011},
  publisher={Springer}
}

@article{knowlton2001future,
  title={The future of coral reefs},
  author={Knowlton, Nancy},
  journal={Proceedings of the National Academy of Sciences},
  volume={98},
  number={10},
  pages={5419--5425},
  year={2001},
  publisher={National Acad Sciences}
}

@article{huston1979general,
  title={A general hypothesis of species diversity},
  author={Huston, Michael},
  journal={The American Naturalist},
  volume={113},
  number={1},
  pages={81--101},
  year={1979},
  publisher={University of Chicago Press}
}
